@article{henning_joac,
  author={Poulsen, Henning Friis and et al.},
  journal={In preparation},
  year = 2017
}

@article{knudsen2013fabio,
  title="{FabIO: easy access to two-dimensional X-ray detector images in Python}",
  author={Knudsen, Erik B and S{\o}rensen, Henning O and Wright, Jonathan P and Goret, Gaeel and Kieffer, J{\'e}r{\^o}me},
  journal={Journal of Applied Crystallography},
  volume={46},
  number={2},
  pages={537--539},
  year={2013},
  publisher={International Union of Crystallography}
}

@article{dfxrm_nat_comm,
  title="{Dark-field X-ray microscopy for multiscale structural characterization}",
  author={Simons, Hugh and King, A and Ludwig, W and Detlefs, C and Pantleon, Wolfgang and Schmidt, S{\o}ren and Snigireva, I and Snigirev, A and Poulsen, Henning Friis},
  journal={Nature Communications},
  volume={6},
  year={2015},
  publisher={Nature Publishing Group}
}

@Misc{Recon3D_git,
author =   {Cereser, Alberto and Anders, Clemens Jakobsen},
title =    {Recon3D - software for {\footnotesize{3D}} reconstruction of topo-tomographic datasets from {\footnotesize{ID06}} at {\footnotesize{ESRF}}},
howpublished = {\url{https://github.com/albusdemens/Recon3D}},
year = {2016--2017}
}

@book{image_book,
    author    = "Russ, C. J.",
    title     = "The Image Processing Handbook",
    year      = "2016",
    publisher = "CRC Press",
    address   = "Boca Raton, Florida"
}