@article{van2015astra,
  title={The ASTRA Toolbox: A platform for advanced algorithm development in electron tomography},
  author={van Aarle, Wim and Palenstijn, Willem Jan and De Beenhouwer, Jan and Altantzis, Thomas and Bals, Sara and Batenburg, K Joost and Sijbers, Jan},
  journal={Ultramicroscopy},
  volume={157},
  pages={35--47},
  year={2015},
  publisher={Elsevier}
}

@article{van2016fast,
  title={Fast and flexible X-ray tomography using the ASTRA toolbox},
  author={van Aarle, Wim and Palenstijn, Willem Jan and Cant, Jeroen and Janssens, Eline and Bleichrodt, Folkert and Dabravolski, Andrei and De Beenhouwer, Jan and Batenburg, K Joost and Sijbers, Jan},
  journal={Optics express},
  volume={24},
  number={22},
  pages={25129--25147},
  year={2016},
  publisher={Optical Society of America}
}

@article{laroque2008accurate,
  title={Accurate image reconstruction from few-view and limited-angle data in diffraction tomography},
  author={LaRoque, Samuel J and Sidky, Emil Y and Pan, Xiaochuan},
  journal={JOSA A},
  volume={25},
  number={7},
  pages={1772--1782},
  year={2008},
  publisher={Optical Society of America}
}

@TECHREPORT{report_jette_anders,
  AUTHOR={Oddershede, Jette and C. Jakobsen, Anders},
  TITLE="{3D reconstruction of {\footnotesize{DFXRM}} - derivation and implementation}",
  INSTITUTION={DTU Physics},
  MONTH={October},
  YEAR={2016},
}

@article{henning_joac,
  author={Poulsen, Henning Friis and C. Jakobsen, Anders and Simons, Hugh and R. Ahl, Sonja and Cook, P. K. and Deflets, Carsten.},
  title="{X-ray diffraction microscopy based on refractive optics}",
  journal={Journal of Applied Crystallography}, 
  volume = {50},
  number = {5},
  year = 2017
}

@article{knudsen2013fabio,
  title="{FabIO: easy access to two-dimensional X-ray detector images in Python}",
  author={Knudsen, Erik B and S{\o}rensen, Henning O and Wright, Jonathan P and Goret, Gaeel and Kieffer, J{\'e}r{\^o}me},
  journal={Journal of Applied Crystallography},
  volume={46},
  number={2},
  pages={537--539},
  year={2013},
  publisher={International Union of Crystallography}
}

@article{dfxrm_nat_comm,
  title="{Dark-field X-ray microscopy for multiscale structural characterization}",
  author={Simons, Hugh and King, A and Ludwig, W and Detlefs, C and Pantleon, Wolfgang and Schmidt, S{\o}ren and Snigireva, I and Snigirev, A and Poulsen, Henning Friis},
  journal={Nature Communications},
  volume={6},
  year={2015},
  publisher={Nature Publishing Group}
}

@Misc{Recon3D_git,
author =   {Cereser, Alberto and Anders, Clemens Jakobsen},
title =    {Recon3D - software for {\footnotesize{3D}} reconstruction of topo-tomographic datasets from {\footnotesize{ID06}} at {\footnotesize{ESRF}}},
howpublished = {\url{https://github.com/albusdemens/Recon3D}},
year = {2016--2017}
}

@book{image_book,
    author    = "Russ, C. J.",
    title     = "The Image Processing Handbook",
    year      = "2016",
    publisher = "CRC Press",
    address   = "Boca Raton, Florida"
}